<record><leader>00000cas a2200000 a 4500</leader><controlfield tag="001">9651642</controlfield><controlfield tag="008">830628d18341839mauwr ne      0    0eng c</controlfield><datafield ind1=" " ind2=" " tag="010"><subfield code="a">sn 83020921 </subfield></datafield><datafield ind1=" " ind2=" " tag="040"><subfield code="a">NPX</subfield><subfield code="b">eng</subfield><subfield code="c">NPX</subfield><subfield code="d">DLC</subfield><subfield code="d">YOX</subfield><subfield code="d">MGN</subfield><subfield code="d">CNW</subfield><subfield code="d">DLC</subfield><subfield code="d">OCL</subfield><subfield code="d">DLC</subfield><subfield code="d">OCLCQ</subfield><subfield code="d">OCLCG</subfield><subfield code="d">KRTAS</subfield><subfield code="d">DLC</subfield><subfield code="d">OCLCQ</subfield><subfield code="d">OCLCF</subfield></datafield><datafield ind1="1" ind2=" " tag="029"><subfield code="a">AU@</subfield><subfield code="b">000020123174</subfield></datafield><datafield ind1=" " ind2=" " tag="042"><subfield code="a">pcc</subfield></datafield><datafield ind1=" " ind2=" " tag="043"><subfield code="a">n-us-ma</subfield></datafield><datafield ind1="0" ind2="0" tag="050"><subfield code="a">Newspaper</subfield></datafield><datafield ind1="0" ind2=" " tag="130"><subfield code="a">Worcester palladium (Worcester, Mass. : 1834)</subfield></datafield><datafield ind1="1" ind2="0" tag="245"><subfield code="a">Worcester palladium.</subfield></datafield><datafield ind1=" " ind2=" " tag="260"><subfield code="a">Worcester, Mass. :</subfield><subfield code="b">[J.S.C. Knowlton],</subfield><subfield code="c">1834-1839.</subfield></datafield><datafield ind1=" " ind2=" " tag="300"><subfield code="a">6 v. ;</subfield><subfield code="c">57-59 cm.</subfield></datafield><datafield ind1=" " ind2=" " tag="310"><subfield code="a">Weekly</subfield></datafield><datafield ind1="0" ind2=" " tag="362"><subfield code="a">Vol. 1, no. 1 (Jan. 1, 1834)-v. 6, no. 7 (Feb. 13, 1839).</subfield></datafield><datafield ind1=" " ind2=" " tag="500"><subfield code="a">Editors: J.S.C. Knowlton, 1834-1836, 1837-1839; Henry Rogers, 1836-1837.</subfield></datafield><datafield ind1=" " ind2=" " tag="500"><subfield code="a">Publisher's name recorded in Wall, C.A. Reminiscences of Worcester ... 1877.</subfield></datafield><datafield ind1=" " ind2=" " tag="500"><subfield code="a">Publisher: Henry Rogers, 1837-1839.</subfield></datafield><datafield ind1=" " ind2=" " tag="500"><subfield code="a">Printer: Moses W. Grout, &lt;1834&gt;.</subfield></datafield><datafield ind1=" " ind2=" " tag="500"><subfield code="a">Anti-Masonic.</subfield></datafield><datafield ind1=" " ind2=" " tag="500"><subfield code="a">Whig, 1834-1839; Democratic, 1839. Cf. Hull, D. Hist. of Worcester newspapers.</subfield></datafield><datafield ind1=" " ind2=" " tag="530"><subfield code="a">Also issued on microfilm from the New York Public Library.</subfield></datafield><datafield ind1=" " ind2="0" tag="651"><subfield code="a">Worcester (Mass.)</subfield><subfield code="v">Newspapers.</subfield></datafield><datafield ind1=" " ind2="0" tag="651"><subfield code="a">Worcester County (Mass.)</subfield><subfield code="v">Newspapers.</subfield></datafield><datafield ind1=" " ind2="7" tag="655"><subfield code="a">Newspapers.</subfield><subfield code="2">fast</subfield><subfield code="0">(OCoLC)fst01423814</subfield></datafield><datafield ind1=" " ind2="7" tag="651"><subfield code="a">Massachusetts</subfield><subfield code="z">Worcester.</subfield><subfield code="2">fast</subfield><subfield code="0">(OCoLC)fst01207904</subfield></datafield><datafield ind1=" " ind2="7" tag="651"><subfield code="a">Massachusetts</subfield><subfield code="z">Worcester County.</subfield><subfield code="2">fast</subfield><subfield code="0">(OCoLC)fst01218226</subfield></datafield><datafield ind1="1" ind2=" " tag="700"><subfield code="a">Knowlton, John S. C.</subfield><subfield code="q">(John Stocker Coffin),</subfield><subfield code="d">1799-1871.</subfield></datafield><datafield ind1="1" ind2=" " tag="700"><subfield code="a">Rogers, Henry,</subfield><subfield code="d">1786-1855.</subfield></datafield><datafield ind1=" " ind2=" " tag="752"><subfield code="a">United States</subfield><subfield code="b">Massachusetts</subfield><subfield code="c">Worcester</subfield><subfield code="d">Worcester.</subfield></datafield><datafield ind1="0" ind2="0" tag="780"><subfield code="t">National aegis &amp; Massachusetts yeoman</subfield><subfield code="w">(DLC)sn 83020920</subfield><subfield code="w">(OCoLC)9651485</subfield></datafield><datafield ind1="0" ind2="7" tag="785"><subfield code="t">Worcester Republican (Worcester, Mass. : 1833)</subfield><subfield code="w">(DLC)sn 83020923</subfield><subfield code="w">(OCoLC)9651762</subfield></datafield><datafield ind1="0" ind2="7" tag="785"><subfield code="t">Worcester palladium and Worcester County Republican</subfield><subfield code="w">(DLC)sn 83020924</subfield><subfield code="w">(OCoLC)9651809</subfield></datafield><datafield ind1=" " ind2=" " tag="938"><subfield code="a">Kirtas Technologies, Inc.</subfield><subfield code="b">KRTS</subfield><subfield code="n">736977</subfield></datafield></record>